%%% True references
@article{othmer2014adjoint,
  title={Adjoint methods for car aerodynamics},
  author={Othmer, Carsten},
  journal={Journal of Mathematics in Industry},
  volume={4},
  number={1},
  pages={6},
  year={2014},
  publisher={Springer}
}

@article{othmer2006cfd,
  title={CFD topology and shape optimization with adjoint methods},
  author={Othmer, Carsten and Grahs, Thorsten},
  journal={VDI BERICHTE},
  volume={1967},
  number={1},
  pages={61},
  year={2006},
  publisher={VDI; 1999}
}

@article{holmen2012methods,
  title={Methods for vortex identification},
  author={Holm{\'e}n, Vivianne},
  journal={Master's Theses in Mathematical Sciences},
  year={2012}
}
%eof
